@book{lamport94,
  author = "Leslie Lamport",
  title = "LaTeX: A Document Preparation System",
  publisher = "Addison-Wesley",
  year = 1994,
}
@inproceedings{yamauchi-nakano-funakoshi:2013:SIGDIAL,
address = {Metz, France},
author = {Yamauchi, Takashi and Nakano, Mikio and Funakoshi, Kotaro},
booktitle = {SIGdial 2013},
file = {:home/ckennington/.local/share/data/Mendeley Ltd./Mendeley Desktop/Downloaded/Yamauchi, Nakano, Funakoshi - 2013 - A Robotic Agent in a Virtual Environment that Performs Situated Incremental Understanding of Nav(2).pdf:pdf},
month = {aug},
pages = {369--371},
publisher = {Association for Computational Linguistics},
title = {{A Robotic Agent in a Virtual Environment that Performs Situated Incremental Understanding of Navigational Utterances}},
url = {http://www.aclweb.org/anthology/W/W13/W13-4060},
year = {2013}
}



